@BOOK{ssd,
   author = {{Murray}, C.~D. and {Dermott}, S.~F.},
    title = "{Solar System Dynamics}",
booktitle = {``Solar System Dynamics, by C.D.~Murray and S.F.~Dermott.~ISBN 0521575974.~<A href=''http://www.cambridge.org/us/catalogue/catalogue.asp?isbn=0521575974.~Cambridge``>http://www.cambridge.org/us/catalogue/catalogue.asp?isbn=0521575974 </A>Cambridge, UK: Cambridge University Press, 1999.''},
     year = 2000,
    month = feb,
   adsurl = {http://adsabs.harvard.edu/abs/2000ssd..book.....M},
  adsnote = {Provided by the SAO/NASA Astrophysics Data System}
}

@article{PRMer,
author = {Godoi, Valdir},
year = {2014},
month = {12},
pages = {11-18},
title = {The Precession of the Perihelion of Mercury Explained by Celestial Mechanics of Laplace},
volume = {3},
booktitle = {Evolving Trends in Engineering and Technology}
}

@misc{texas,
author = {},
title = {Secular evolution of planetary orbits},
howpublished = {\url{http://farside.ph.utexas.edu/teaching/celestial/Celestialhtml/node91.html#t11.4}},
month = {},
year = {},
note = {(Accessed on 10/04/2017)}
}